@article{wang2012multiclass,
  title={Multiclass imbalance problems: Analysis and potential solutions},
  author={Wang, Shuo and Yao, Xin},
  journal={Systems, Man, and Cybernetics, Part B: Cybernetics, IEEE Transactions on},
  volume={42},
  number={4},
  pages={1119--1130},
  year={2012},
  publisher={IEEE}
}

@inproceedings{sheinvald1990modeling,
  title={A modeling approach to feature selection},
  author={Sheinvald, Jacob and Dom, Byron and Niblack, Wayne},
  booktitle={Pattern Recognition, 1990. Proceedings., 10th International Conference on},
  volume={1},
  pages={535--539},
  year={1990},
  organization={IEEE}
}

@article{yang200610,
  title={10 challenging problems in data mining research},
  author={Yang, Qiang and Wu, Xindong},
  journal={International Journal of Information Technology \& Decision Making},
  volume={5},
  number={04},
  pages={597--604},
  year={2006},
  publisher={World Scientific}
}

@article{kotsiantis2006handling,
  title={Handling imbalanced datasets: A review},
  author={Kotsiantis, Sotiris and Kanellopoulos, Dimitris and Pintelas, Panayiotis and others},
  journal={GESTS International Transactions on Computer Science and Engineering},
  volume={30},
  number={1},
  pages={25--36},
  year={2006}
}

@article{japkowicz2002class,
  title={The class imbalance problem: A systematic study},
  author={Japkowicz, Nathalie and Stephen, Shaju},
  journal={Intelligent data analysis},
  volume={6},
  number={5},
  pages={429--449},
  year={2002},
  publisher={IOS Press}
}

@article{aha1991instance,
  title={Instance-based learning algorithms},
  author={Aha, David W and Kibler, Dennis and Albert, Marc K},
  journal={Machine learning},
  volume={6},
  number={1},
  pages={37--66},
  year={1991},
  publisher={Springer}
}

@book{quinlan1993c4,
  title={C4. 5: programs for machine learning},
  author={Quinlan, John Ross},
  volume={1},
  year={1993},
  publisher={Morgan kaufmann}
}

@article{wang2012multiclass,
  title={Multiclass imbalance problems: Analysis and potential solutions},
  author={Wang, Shuo and Yao, Xin},
  journal={Systems, Man, and Cybernetics, Part B: Cybernetics, IEEE Transactions on},
  volume={42},
  number={4},
  pages={1119--1130},
  year={2012},
  publisher={IEEE}
}

@article{chawla2011smote,
  title={SMOTE: synthetic minority over-sampling technique},
  author={Chawla, Nitesh V. and Bowyer, Kevin W. and Hall, Lawrence O. and Kegelmeyer, W. Philip},
  journal={arXiv preprint arXiv:1106.1813},
  year={2011}
}

@article{hospedales2013finding,
  title={Finding rare classes: Active learning with generative and discriminative models},
  author={Hospedales, Timothy M and Gong, Shaogang and Xiang, Tao},
  journal={Knowledge and Data Engineering, IEEE Transactions on},
  volume={25},
  number={2},
  pages={374--386},
  year={2013},
  publisher={IEEE}
}

@inproceedings{ertekin2007learning,
  title={Learning on the border: active learning in imbalanced data classification},
  author={Ertekin, Seyda and Huang, Jian and Bottou, Leon and Giles, Lee},
  booktitle={Proceedings of the sixteenth ACM conference on Conference on information and knowledge management},
  pages={127--136},
  year={2007},
  organization={ACM}
}

@article{hand2001simple,
  title={A simple generalisation of the area under the ROC curve for multiple class classification problems},
  author={Hand, David J and Till, Robert J},
  journal={Machine Learning},
  volume={45},
  number={2},
  pages={171--186},
  year={2001},
  publisher={Springer}
}

@incollection{sokolova2006beyond,
  title={Beyond accuracy, F-score and ROC: a family of discriminant measures for performance evaluation},
  author={Sokolova, Marina and Japkowicz, Nathalie and Szpakowicz, Stan},
  booktitle={AI 2006: Advances in Artificial Intelligence},
  pages={1015--1021},
  year={2006},
  publisher={Springer}
}

@article{fawcett2006introduction,
  title={An introduction to ROC analysis},
  author={Fawcett, Tom},
  journal={Pattern recognition letters},
  volume={27},
  number={8},
  pages={861--874},
  year={2006},
  publisher={Elsevier}
}

@article{dash1997feature,
  title={Feature selection for classification},
  author={Dash, Manoranjan and Liu, Huan},
  journal={Intelligent data analysis},
  volume={1},
  number={3},
  pages={131--156},
  year={1997},
  publisher={IOS Press}
}

@article{robnik2003theoretical,
  title={Theoretical and empirical analysis of ReliefF and RReliefF},
  author={Robnik-{\v{S}}ikonja, Marko and Kononenko, Igor},
  journal={Machine learning},
  volume={53},
  number={1-2},
  pages={23--69},
  year={2003},
  publisher={Springer}
}

@inproceedings{kira1992feature,
  title={The feature selection problem: Traditional methods and a new algorithm},
  author={Kira, Kenji and Rendell, Larry A},
  booktitle={AAAI},
  pages={129--134},
  year={1992}
}

@inproceedings{kononenko1994estimating,
  title={Estimating attributes: analysis and extensions of RELIEF},
  author={Kononenko, Igor},
  booktitle={Machine Learning: ECML-94},
  pages={171--182},
  year={1994},
  organization={Springer}
}

@inproceedings{john1995estimating,
  title={Estimating continuous distributions in Bayesian classifiers},
  author={John, George H and Langley, Pat},
  booktitle={Proceedings of the Eleventh conference on Uncertainty in artificial intelligence},
  pages={338--345},
  year={1995},
  organization={Morgan Kaufmann Publishers Inc.}
}


@article{russell13artificial,
  title={Artificial Intelligence, A modern Approach, the intelligent agent book. 2003},
  author={Russell, S and Norvig, P},
  journal={ISBN: 0-13-080302-2}
}

@article{mitchell1997machine,
  title={Machine learning. 1997},
  author={Mitchell, Tom M},
  journal={Burr Ridge, IL: McGraw Hill},
  volume={45},
  year={1997}
}

@article{zhang2004optimality,
  title={The optimality of naive Bayes},
  author={Zhang, Harry},
  journal={A A},
  volume={1},
  number={2},
  pages={3},
  year={2004}
}


@article{rissanen1978modeling,
  title={Modeling by shortest data description},
  author={Rissanen, Jorma},
  journal={Automatica},
  volume={14},
  number={5},
  pages={465--471},
  year={1978},
  publisher={Elsevier}
}

%%%%%%%%%%
% R - packages
 @Article{procR,
    title = {pROC: an open-source package for R and S+ to analyze and compare ROC curves},
    author = {Xavier Robin and Natacha Turck and Alexandre Hainard and Natalia Tiberti and Frédérique Lisacek and Jean-Charles Sanchez and Markus Müller},
    year = {2011},
    journal = {BMC Bioinformatics},
    volume = {12},
    pages = {77},
  }

